@inproceedings{ellis2018learning,
  title={Learning to infer graphics programs from hand-drawn images},
  author={Ellis, Kevin and Ritchie, Daniel and Solar-Lezama, Armando and Tenenbaum, Josh},
  booktitle={Advances in neural information processing systems},
  pages={6059--6068},
  year={2018}
}

@inproceedings{eslami2016attend,
  title={Attend, infer, repeat: Fast scene understanding with generative models},
  author={Eslami, SM Ali and Heess, Nicolas and Weber, Theophane and
                  Tassa, Yuval and Szepesvari, David and Hinton,
                  Geoffrey E and others},
  booktitle={Advances in Neural Information Processing Systems},
  pages={3225--3233},
  year={2016}
}

@inproceedings{kosiorek2018sequential,
  title={Sequential attend, infer, repeat: Generative modelling of moving objects},
  author={Kosiorek, Adam and Kim, Hyunjik and Teh, Yee Whye and Posner, Ingmar},
  booktitle={Advances in Neural Information Processing Systems},
  pages={8606--8616},
  year={2018}
}

@article{knuth1982concept,
  title={The concept of a meta-font},
  author={Knuth, Donald E},
  journal={Visible language},
  volume={16},
  number={1},
  pages={3--27},
  year={1982},
  publisher={Visible Language, etc.}
}

@article{lake2015human,
  title={Human-level concept learning through probabilistic program induction},
  author={Lake, Brenden M and Salakhutdinov, Ruslan and Tenenbaum, Joshua B},
  journal={Science},
  volume={350},
  number={6266},
  pages={1332--1338},
  year={2015},
  publisher={American Association for the Advancement of Science}
}

@article{ha2017neural,
  title={A Neural Representation of Sketch Drawings},
  author={Ha, David and Eck, Douglas},
  journal={arXiv preprint arXiv:1704.03477},
  year={2017}
}

@article{chen2017sketch,
  title={Sketch-pix2seq: a model to generate sketches of multiple categories},
  author={Chen, Yajing and Tu, Shikui and Yi, Yuqi and Xu, Lei},
  journal={arXiv preprint arXiv:1709.04121},
  year={2017}
}

@article{ganin2018synthesizing,
  title={Synthesizing programs for images using reinforced adversarial learning},
  author={Ganin, Yaroslav and Kulkarni, Tejas and Babuschkin, Igor and Eslami, SM and Vinyals, Oriol},
  journal={arXiv preprint arXiv:1804.01118},
  year={2018}
}

@article{cohen1702emnist,
  title={EMNIST: an extension of MNIST to handwritten letters (2017)},
  author={Cohen, Gregory and Afshar, Saeed and Tapson, Jonathan and van Schaik, Andr{\'e}},
  journal={arXiv preprint arXiv:1702.05373}
}

@article{clanuwat2018deep,
  title={Deep learning for classical japanese literature},
  author={Clanuwat, Tarin and Bober-Irizar, Mikel and Kitamoto, Asanobu and Lamb, Alex and Yamamoto, Kazuaki and Ha, David},
  journal={arXiv preprint arXiv:1812.01718},
  comment={This is the KMNIST paper},
  year={2018}
}

@inproceedings{snell2017prototypical,
  title={Prototypical networks for few-shot learning},
  author={Snell, Jake and Swersky, Kevin and Zemel, Richard},
  booktitle={Advances in neural information processing systems},
  pages={4077--4087},
  year={2017}
}

@inproceedings{finn2017model,
  title={Model-agnostic meta-learning for fast adaptation of deep networks},
  author={Finn, Chelsea and Abbeel, Pieter and Levine, Sergey},
  booktitle={Proceedings of the 34th International Conference on Machine Learning-Volume 70},
  pages={1126--1135},
  year={2017},
  organization={JMLR. org}
}

@inproceedings{shyam2017attentive,
  title={Attentive recurrent comparators},
  author={Shyam, Pranav and Gupta, Shubham and Dukkipati, Ambedkar},
  booktitle={Proceedings of the 34th International Conference on Machine Learning-Volume 70},
  pages={3173--3181},
  year={2017},
  organization={JMLR. org}
}

@article{hewitt2018variational,
  title={The Variational Homoencoder: Learning to Infer High-Capacity Generative Models from Few Examples},
  author={Hewitt, Luke B and Nye, Maxwell I and Gane, Andreea and Jaakkola, Tommi and Tenenbaum, Joshua B},
  journal={arXiv preprint arXiv:1807.08919},
  year={2018}
}

@article{jimenez2016one,
  title={One-Shot Generalization in Deep Generative Models},
  author={Jimenez Rezende, Danilo and Mohamed, Shakir and Danihelka, Ivo and Gregor, Karol and Wierstra, Daan},
  journal={arXiv preprint arXiv:1603.05106},
  year={2016}
}

@article{mellor2019unsupervised,
  title={Unsupervised Doodling and Painting with Improved SPIRAL},
  author={Mellor, John FJ and Park, Eunbyung and Ganin, Yaroslav and Babuschkin, Igor and Kulkarni, Tejas and Rosenbaum, Dan and Ballard, Andy and Weber, Theophane and Vinyals, Oriol and Eslami, SM},
  journal={arXiv preprint arXiv:1910.01007},
  year={2019}
}

@article{gervais2020didi,
  title={The DIDI dataset: Digital Ink Diagram data},
  author={Gervais, Philippe and Deselaers, Thomas and Aksan, Emre and Hilliges, Otmar},
  journal={arXiv preprint arXiv:2002.09303},
  year={2020}
}

@inproceedings{hu2017learning,
  title={Learning to reason: End-to-end module networks for visual question answering},
  author={Hu, Ronghang and Andreas, Jacob and Rohrbach, Marcus and Darrell, Trevor and Saenko, Kate},
  booktitle={Proceedings of the IEEE International Conference on Computer Vision},
  pages={804--813},
  year={2017}
}